@book{allay:book95,
    author="Alley, M.",
    title="The Craft of Scientific Writing",
    publisher="Springer",
    address="New York",
    edition="3rd",
    year="1995"}
@book{day:book06,
    author="Day, D.A. and Gastel, B.",
    title="How to Write and Publish a Scientific paper",
    publisher="University Press (Journal)",
    address="Cambridge",
    edition="6th",
    year="2006"}
@incollection{wer:coll79,
    author="Werner, P. A.",
    title="Competition and coexistence of similar species",
    booktitle="Topics in plant population biology",
    editor="Solbrig O.T. and Jain S. and Johnson G.B. and Raven P.",
    publisher="Columbia University Press",
    address="New York",
    year="1979",
    pages="287-310"}
@phdthesis{calvo:phd,
    author="Calvo, R. N. ",
    title="Pollinator limitation, cost of reproduction, and fitness in plants: a demographic approach",
    school="University of Miami",
    year="1990"}
@mastersthesis{calvo:master,
    author="Calvo, R. N. ",
    title="Pollinator limitation, cost of reproduction, and fitness in plants",
    school="University of Miami",
    year="1986"}
@article{gf:00,
    author="Faur\'e, G.",
    title={{An Efficient Algorithm for Automatic Speech Segmentation}},
    journal="Speech Communication",
    volume="30",
    number="1",
    month="January",
    year="2000",
    pages="37-53"}
@inproceedings{mcd:eurosp01,
    author="McDonald, R.",
    title={{Recent Developments in Speech Prosody}},
    booktitle="Proc. European Conference on Speech Communication and Technology",
    year="2001",
    month="September",
    address="Aalborg, Denmark",
    volume="III",
    pages="1621-1624"}
@techreport{fx:ir95,
    author="Leterme, Y. and Verhofstadt, G.",
    title={{Reforming the Belgian state : a draft}},
    institution="The Belgian Parliament",
    type="Technical Report",
    number="XXX2008-45",
    year="2008",
    month="January"}
@techreport{wal:97,
    author="Walker, J. R.",
    title={{MLA-style citations of electronic sources}},
    type={{\tt http://www.cas.usf.edu/english/ walker/mla.html}, Version 1.2}},
    institution={},
    year="1997",
    month="November"}