@MANUAL{ID1,
      TITLE = "ADSP-21367/ADSP-21368/ADSP-21369 SHARC Processor Data Sheet",
      ORGANIZATION = "Analog Devices, Inc.",
		EDITION = "A"
}
@MANUAL{ID2,
		TITLE = "ADSP-21369 EZ-KIT Lite Evaluation System Manual",
		ORGANIZATION = "Analog Devices, Inc.",
		EDITION = "2.2",
		MONTH = "September",
		YEAR = "2009"
}
@MANUAL{ID3,
		TITLE = "ADM3202/ADM3222/ADM1385 Data Sheet",
		NOTE = "Line Drivers/Receivers",
		ORGANIZATION = "Analog Devices, Inc."
}
@MANUAL{ID4,
		TITLE = "Using the UART Port Controller on SHARC® Processors",
		EDITION = "EE-296",
		ORGANIZATION = "Analog Devices, Inc.",
}
@MANUAL{ID5,
		TITLE = "Determining Clock Accuracy Requirements for UART Communications",
		ORGANIZATION = "Maxim, Inc.",
}

@MANUAL{ID14,
		TITLE = "AD1835A Data Sheet",
		ORGANIZATION = "Analog Devices, Inc.",
		EDITION = "A",
		YEAR = "2003"
}

@MANUAL{ID15,
		TITLE = "ADSP-2136(7/8/9) SHARC® Processor Hardware Reference",
		ORGANIZATION = "Analog Devices, Inc.",
		EDITION = "1.0",
		MONTH = "August",
		YEAR = "2006"
}

@MANUAL{ID16,
		TITLE = "Using the Expert DAI for SHARC® Processors",
		EDITION = "EE-243",
		ORGANIZATION = "Analog Devices, Inc.",
		YEAR = "2010",
		MONTH = "June"
}

@BOOK{ID6,
		TITLE = "The LabVIEW Style Book",
		AUTHOR = "Peter A.Blume",
		PUBLISHER = "Prentice Hall",
		EDITION = "1",
		YEAR = "2007",
		MONTH = "March"

}
@BOOK{ID7,
		TITLE = "LabVIEW for Engineers",
		AUTHOR = "Ronald W. Larsen",
		PUBLISHER = "Prentice Hall",
		EDITION = "1",
		YEAR = "2010",
		MONTH = "February"
}
@BOOK{ID8,
		TITLE = "Digital Signal Processing Using MATLAB",
		AUTHOR = "John G. Proakis and  Vinay K. Ingle",
		PUBLISHER = "Global Engineering: Christopher M. Shortt",
		EDITION = "3",
		YEAR = "2006",
		MONTH = "August"
}

@BOOK{ID9,
		TITLE = "FM Theory and Applications",
		AUTHOR = "John Chowning and David Bristow",
		PUBLISHER = "Yamaha Music Foundation",
		EDITION = "3",
		YEAR = "1986",
		ADDRESS = "Shimomeguro Meguroku, Tokyo, Japan"
}

@MISC{ID10,
		TITLE = "How to make and play sound with Matlab",
		AUTHOR = "K. Fujimoto",
		NOTE = "http://www.h6.dion.ne.jp/~fff/old/technique/auditory/matlab.html"
}
@MISC{ID11,
		TITLE = "Making a Studio Pt.3",
		AUTHOR = "J. Thomas",
		NOTE = "http://en.audiofanzine.com/homestudio/editorial/articles/making-a-studio-pt3.html",
		MONTH = "May",
		YEAR = "2009"
}

@MISC{ID12,
		TITLE = "Pitches, in hertz, produced by a keyboard instrument with 88 digitals, tuned to equal temperament",
		AUTHOR = "T. Zuckerman",
		NOTE = "http://shakahara.com/pianopitch2.php"
}

@MISC{ID13,
		TITLE = "Coursebook on Digital Signal Processing",
		AUTHOR = "Koen Eneman",
		YEAR = "2011-2012"
}

@MISC{ID17,
		TITLE = "Synth Secrets, Part 10: Modulation",
		AUTHOR = "Gordon Read",
		YEAR = "2000",
		MONTH = "February",
		NOTE = "http://www.soundonsound.com/sos/feb00/articles/synthsecrets.htm"
}

@MISC{ID19,
		TITLE = "Synth Secrets, Part 12: An introduction to Frequency Modulation",
		AUTHOR = "Gordon Read",
		YEAR = "2000",
		MONTH = "April",
		NOTE = "http://www.soundonsound.com/sos/apr00/articles/synthsecrets.htm"
}

@MISC{ID18,
		TITLE = "Synth Secrets, Part 13: More on Frequency Modulation",
		AUTHOR = "Gordon Read",
		YEAR = "2000",
		MONTH = "May",
		NOTE = "http://www.soundonsound.com/sos/may00/articles/synth.htm"
}

@MISC{ID20,
		TITLE = "Digital Signal Processing 101- An Introductory Course in DSP System Design",
		AUTHOR = "Analog Devices Inc.",
		NOTE = "http://www.analog.com/en/processors-dsp/processors/beginners\_guide\_to\_dsp/fca.html"
}

@MISC{ID21,
		TITLE = "Fourier Series - Sawtooth Wave",
		AUTHOR = "Weisstein, Erik W.",
		PUBLISHER = "MathWorld - A Wolfram Web Resource",
		NOTE = "http://mathworld.wolfram.com/FourierSeriesSawtoothWave.html"
}

@MISC{ID22,
		TITLE = "Fourier Series - Square Wave",
		AUTHOR = "Weisstein, Erik W.",
		PUBLISHER = "MathWorld - A Wolfram Web Resource",
		NOTE = "http://mathworld.wolfram.com/FourierSeriesSawtoothWave.html"
}

@MISC{ID23,
		TITLE = "Fourier Series - Triangle Wave",
		AUTHOR = "Weisstein, Erik W.",
		PUBLISHER = "MathWorld - A Wolfram Web Resource",
		NOTE = "http://mathworld.wolfram.com/FourierSeriesSawtoothWave.html"
}

@MISC{ID24,
		TITLE = "Bessel Function of the First Kind",
		AUTHOR = "Weisstein, Erik W.",
		PUBLISHER = "MathWorld - A Wolfram Web Resource",
		NOTE = "http://mathworld.wolfram.com/BesselFunctionoftheFirstKind.html"
}

@BOOK{ID25,
		TITLE = "Music and Computers: A Theoretical and Historical Approach",
		AUTHOR = "Phil Burk and Larry Polansky and Douglas Repetto and Mary Roberts and Dan Rockmore",
		PUBLISHER = "Key College Publishing",
		NOTE = "http://music.columbia.edu/cmc/MusicAndComputers/"
}
